<?xml version="1.0" encoding="UTF-8"?><collection xmlns="http://www.loc.gov/MARC21/slim"><record><leader>00385nam--2200121-i-4500</leader><controlfield tag="001">000010147</controlfield><controlfield tag="002">20161230</controlfield><controlfield tag="005">20161230201028</controlfield><controlfield tag="008">060222s1000------------r-----000-0-eng-d</controlfield><datafield ind1=" " ind2=" " tag="080"><subfield code="a">344:017</subfield></datafield><datafield ind1=" " ind2=" " tag="245"><subfield code="a">Catalog de fise tehnice. produse unicate pentr u autoutilare-investitii. cod 344. masini si u tilaje pentru turnatorii de piese</subfield></datafield><datafield ind1=" " ind2=" " tag="260"><subfield code="a">Bucuresti, Odpt, 1972. 200 P</subfield></datafield><datafield ind1=" " ind2=" " tag="852"><subfield code="a">D.2095</subfield></datafield></record></collection>